@misc{intelligent-agent-wiki,
author = {},
title = {Intelligent agent - Wikipedia},
howpublished = {\url{https://en.wikipedia.org/wiki/Intelligent_agent}},
month = {},
year = {},
}

@misc{multi-agent-system-wiki,
author = {},
title = {Multi-agent system - Wikipedia},
howpublished = {\url{https://en.wikipedia.org/wiki/Multi-agent_system}},
month = {},
year = {},
}
